@Article{grolemundDatesTimesMade2011,
  title = {Dates and {{Times Made Easy}} with Lubridate},
  author = {Garrett Grolemund and Hadley Wickham},
  year = {2011},
  journaltitle = {Journal of Statistical Software},
  shortjournal = {J. Stat. Soft.},
  volume = {40},
  number = {3},
  pages = {1--25},
  issn = {1548-7660},
  doi = {10.18637/jss.v040.i03},
  url = {http://www.jstatsoft.org/v40/i03/},
  urldate = {2021-07-24},
  abstract = {This paper presents the lubridate package for R, which facilitates working with dates and times. Date-times create various technical problems for the data analyst. The paper highlights these problems and offers practical advice on how to solve them using lubridate. The paper also introduces a conceptual framework for arithmetic with date-times in R.},
  langid = {english},
  file = {/Users/hollway/Zotero/storage/5KW5SHRC/Grolemund and Wickham - 2011 - Dates and Times Made Easy with lubridate.pdf;/Users/hollway/Zotero/storage/8BQWFRMH/Grolemund and Wickham - 2011 - Dates and Times Made Easy with lubridate.pdf;/Users/hollway/Zotero/storage/EU3SCP9E/Grolemund and Wickham - 2011 - Dates and Times Made Easy with lubridate.pdf},
}

@article{eddelbuettelAnytimeEasierDate2019,
  title = {Anytime: {{Easier Date}} and {{Time Conversion}}},
  author = {Eddelbuettel, Dirk},
  year = {2019},
  pages = {4},
  abstract = {We describe the anytime package which offers fast, convenient and reliable date and datetime conversion for R users along with helper functions for formatting and assertions. Different types of input are illustrated and described in detail, and performance is analyzed via several benchmark comparisons.},
  langid = {english},
  file = {/Users/hollway/Zotero/storage/VWRVBHMW/Eddelbuettel - anytime Easier Date and Time Conversion.pdf}
}

@article{@scheidel2008,
  title={Roman population size: the logic of the debate},
  author={Scheidel, Walter},
  journal={People, land, and politics: demographic developments and the transformation of Roman Italy},
  volume={300},
  pages={17--70},
  year={2008}
}
