@Manual{iheiddown,
    title =     {iheiddown: A package for writing IHEID documents in RMarkdown},
    author =    {James Hollway},
    year =      {2021},
    note =      {R package version 0.8.0},
    url =       {https://github.com/jhollway/iheiddown},
}

@article{freeman1989systematic,
  title={Systematic sampling, temporal aggregation, and the study of political relationships},
  author={Freeman, John R},
  journal={Political analysis},
  volume={1},
  pages={61--98},
  year={1989},
  publisher={Cambridge University Press}
}
